@article{katz2021stat,
  title={STAT: a fast, scalable, MinHash-based k-mer tool to assess Sequence Read Archive next-generation sequence submissions},
  author={Katz, Kenneth S and Shutov, Oleg and Lapoint, Richard and Kimelman, Michael and Brister, J Rodney and O’Sullivan, Christopher},
  journal={Genome Biology},
  volume={22},
  number={1},
  pages={1--15},
  year={2021},
  publisher={BioMed Central}
}

@inproceedings{kour2014fast,
  title={Fast classification of handwritten on-line Arabic characters},
  author={Kour, George and Saabne, Raid},
  booktitle={Soft Computing and Pattern Recognition (SoCPaR), 2014 6th International Conference of},
  pages={312--318},
  year={2014},
  organization={IEEE}
}

@article{hadash2018estimate,
  title={Estimate and Replace: A Novel Approach to Integrating Deep Neural Networks with Existing Applications},
  author={Hadash, Guy and Kermany, Einat and Carmeli, Boaz and Lavi, Ofer and Kour, George and Jacovi, Alon},
  journal={arXiv preprint arXiv:1804.09028},
  year={2018}
}

@misc{GCP,
    author= {{National Institutes of Health}},
    year  = {2018},
    title = {{NIH} makes STRIDES to accelerate discoveries in the cloud},
    note  = {\url{https://www.nih.gov/news-events/news-releases/nih-makes-strides-accelerate-discoveries-cloud}}
}

@misc{AWS,
    author= {{National Institutes of Health}},
    year  = {2018},
    title = {Amazon Web Services joins {NIH}’s {STRIDES} Initiative to harness latest cloud technologies for biomedical researchers},
    note  = {\url{https://www.nih.gov/news-events/news-releases/amazon-web-services-joins-nihs-strides-initiative-harness-latest-cloud-technologies_-biomedical-researchers}}
}

@misc{stridesini,
    author= {{National Institutes of Health}},
    title = {About the {STRIDES} Initiative},
    note  = {\url{https://datascience.nih.gov/strides}}
}

@misc{sracosts,
    author= {{National Institutes of Health}},
    title = {{SRA} End User Cloud Access Costs},
    note  = {\url{https://www.ncbi.nlm.nih.gov/sra/docs/sra-cloud-access-costs/}}
}

@article{wilkinson2016fair,
  title={The {FAIR} Guiding Principles for scientific data management and stewardship},
  author={Wilkinson, Mark D and Dumontier, Michel and Aalbersberg, IJsbrand Jan and Appleton, Gabrielle and Axton, Myles and Baak, Arie and Blomberg, Niklas and Boiten, Jan-Willem and da Silva Santos, Luiz Bonino and Bourne, Philip E and others},
  journal={Scientific data},
  volume={3},
  number={1},
  pages={1--9},
  year={2016},
  publisher={Nature Publishing Group}
}

@article{edgar2022petabase,
  title={Petabase-scale sequence alignment catalyses viral discovery},
  author={Edgar, Robert C and Taylor, Jeff and Lin, Victor and Altman, Tomer and Barbera, Pierre and Meleshko, Dmitry and Lohr, Dan and Novakovsky, Gherman and Buchfink, Benjamin and Al-Shayeb, Basem and others},
  journal={Nature},
  volume={602},
  number={7895},
  pages={142--147},
  year={2022},
  publisher={Nature Publishing Group UK London}
}